@misc{website:Wikibooks,
      author = "Wikibooks",
      title = "Wikibooks",
      month = "March",
      year = "2017",
      howpublished = "\url{https://en.wikibooks.org/wiki/LaTeX/Bibliography_Management}"
}

@book{bloomfield1899atharvaveda,
  title={Atharvaveda},
  author={Bloomfield, Mitchell},
  year={1899},
  publisher={KJ Tr{\"u}bner}
}

@book{India1000shaping,
  title={Atharva Veda},
  author={Ancient Indian Mathematicians},
  volume={1},
  year={1000BC},
  publisher={Unknown}
}
